@misc{Makerfabs_2023,
  howpublished = {\url{https://www.makerfabs.com/esp32-uwb-dw3000.html}},
  author={Makerfabs Homepage},
  journal={Makerfabs},
  year={2023}
} 

@misc{FreeRTOS_2023,
  author={FreeRTOS Homepage},
  howpublished = {\url{https://www.freertos.org/index.html}},
  journal={FreeRTOS},
  year={2023},
  month={Aug}
}

@INPROCEEDINGS{Kalman,
  author={Li, Qiang and Li, Ranyang and Ji, Kaifan and Dai, Wei},
  booktitle={2015 8th International Conference on Intelligent Networks and Intelligent Systems (ICINIS)}, 
  title={Kalman Filter and Its Application}, 
  year={2015},
  volume={},
  number={},
  pages={74-77},
  doi={10.1109/ICINIS.2015.35}
}


@misc{uwb-tracking,
  author       = {S. Krebs and T. Herter},
  title        = {uwb-tracking},
  year         = {2023},
  publisher    = {GitHub},
  journal      = {GitHub repository},
  howpublished = {\url{https://github.com/krebsbstn/uwb-tracking}},
  commit       = {abcx}
}