@article{ZHAO-HARD-REALTIME,
  author = {Malcolm, Nicholas and Zhao, Wei},
  title = {Hard Real-Time Communication in Multiple-Access Networks},
  year = {1995},
  issue_date = {Jan. 1995},
  publisher = {Kluwer Academic Publishers},
  address = {USA},
  volume = {8},
  number = {1},
  issn = {0922-6443},
  journal = {Real-Time Syst.},
  month = {jan},
  pages = {35–77},
  numpages = {43}
}

@book{tannenbaum,
  added-at = {2016-12-26T18:01:00.000+0100},
  address = {Boston},
  author = {Tanenbaum, Andrew S. and Wetherall, David},
  description = {3. Auflage 1996 ISBN 978-0-13-394248-4},
  isbn = {978-0-13-212695-3},
  keywords = {01841 102 book safari computer network},
  publisher = {Prentice Hall},
  timestamp = {2018-04-16T11:54:15.000+0200},
  title = {Computer Networks},
  pages = {268},
  year = 2011
}

@ARTICLE{Multichannel,  
  author={Ben-Othman, Jalel and Castel, Hind and Mokdad, Lynda},  
  journal={Journal of Communications and Networks},   
  title={A multi-service MAC protocol in a multi-channel CSMA/CA for IEEE 802.11 networks},   
  year={2008},  
  volume={10},  
  number={3},  
  pages={287-296},
  issn={1229-2370}
}

@INPROCEEDINGS{localnetwork,  
  author={Sulaiman Mohd Nor},  
  booktitle={Proceedings of 6th International Symposium on Personal, Indoor and Mobile Radio Communications},   
  title={Performance of CSMA-CA MAC protocol for distributed radio local area networks},   
  year={1995},  
  volume={2},  
  number={},  
  pages={912-916},
  isbn={0-7803-3002-1}
}

@INPROCEEDINGS{ad-hoc-networks, 
  author={Xin Wang and Kar, K.},
  booktitle={Proceedings IEEE 24th Annual Joint Conference of the IEEE Computer and Communications Societies.},
  title={Throughput modelling and fairness issues in CSMA/CA based ad-hoc networks},
  year={2005},
  volume={1},
  number={},
  pages={23-34},
};

@ARTICLE{FANG-TROUGHPUT-MODEL,
  author={Fang, Ji and Tan, Kun and Zhang, Yuanyang and Chen, Shouyuan and Shi, Lixin and Zhang, Jiansong and Zhang, Yongguang and Tan, Zhenhui}, 
  journal={IEEE/ACM Transactions on Networking},
  title={Fine-Grained Channel Access in Wireless LAN},
  year={2013},
  volume={21},
  number={3},
  pages={772-787}
};

@inproceedings{JIAN-FAIRNESS,
  author = {Jian, Ying and Chen, Shigang},
  title = {Can CSMA/CA Networks Be Made Fair?},
  year = {2008},
  isbn = {9781605580968},
  publisher = {Association for Computing Machinery},
  address = {New York, NY, USA},
  booktitle = {Proceedings of the 14th ACM International Conference on Mobile Computing and Networking},
  pages = {235–246},
  numpages = {12},
  location = {San Francisco, California, USA},
}

@INPROCEEDINGS{SHENOY-CSMA-CA-RSD,
  author={Shenoy, Nirmala and Hamilton, John and Kwasinski, Andres and Xiong, Kaiqi},
  booktitle={2015 13th International Symposium on Modeling and Optimization in Mobile, Ad Hoc, and Wireless Networks (WiOpt)},
  title={An improved IEEE 802.11 CSMA/CA medium access mechanism through the introduction of random short delays},
  year={2015},
  month={07},
  volume={},
  number={},
  pages={331-338},
}

@INPROCEEDINGS{WANG-CSMA-CCA,
  author={Xin Wang and Giannakis, G.B.},
  booktitle={2005 1st International Conference on Multimedia Services Access Networks, MSAN '05.}, 
  title={CSMA/CCA: a modified CSMA/CA protocol mitigating the fairness problem for IEEE 802.11 DCF}, 
  year={2005},
  volume={},
  number={},
  pages={88-95}
}

@INPROCEEDINGS{HERZEN-TF-CSMA, 
  author={Herzen, Julien and Banchs, Albert and Shneer, Vsevolod and Thiran, Patrick},
  booktitle={2015 IEEE 23rd International Conference on Network Protocols (ICNP)},
  title={CSMA/CA in Time and Frequency Domains},
  year={2015},
  volume={},
  number={},
  pages={256-266},
}












