@article{IEEE802154a,
	title        = {{IEEE}-Standard 802.15.4a-2007: Part 15.4: {W}ireless {M}edium {A}ccess {C}ontrol ({MAC}) and {P}hysical {L}ayer ({PHY}) {S}pecifications for {L}ow-{R}ate {W}ireless {P}ersonal {A}rea {N}etworks ({LR}-{WPAN}s): {A}mendment 1: {A}dd {A}lternate {PHY}s},
	year         = {2007},
	organization = {IEEE Standards Association},
}

@article{IEEE802154z,
	title        = {{IEEE}-{S}tandard 802.15.4z-2020: {P}art 15.4: {W}ireless {M}edium {A}ccess {C}ontrol ({MAC}) and {P}hysical {L}ayer ({PHY}) {S}pecifications for {L}ow-{R}ate {W}ireless {P}ersonal {A}rea {N}etworks ({LR}-{WPAN}s): {A}mendment 6: {U}ltrawideband {PHY}s},
	year         = {2020},
	organization = {IEEE Standards Association},
}

@misc{Makerfabs_2023,
	url     = {https://www.makerfabs.com/esp32-uwb-dw3000.html},
	author  = {Makerfabs},
	journal = {Makerfabs},
	year    = {2023}
} 

@misc{FreeRTOS_2023,
	url     = {https://www.freertos.org/index.html},
	journal = {FreeRTOS},
	year    = {2023},
	month   = {Aug}
}

@inproceedings{Kalman,
	author    = {Li, Qiang and Li, Ranyang and Ji, Kaifan and Dai, Wei},
	booktitle = {2015 8th International Conference on Intelligent Networks and Intelligent Systems (ICINIS)},
	title     = {Kalman Filter and Its Application},
	year      = {2015},
	volume    = {},
	number    = {},
	pages     = {74-77},
	doi       = {10.1109/ICINIS.2015.35}
}

@misc{uwb-tracking,
	author       = {S. Krebs and T. Herter},
	title        = {uwb-tracking},
	year         = {2023},
	publisher    = {GitHub},
	journal      = {GitHub repository},
	howpublished = {\url{https://github.com/krebsbstn/uwb-tracking}},
	commit       = {master}
}

@misc{doxygen-doku,
	author    = {S. Krebs and T. Herter},
	url       = {https://krebsbstn.github.io/uwb-tracking/files.html},
	publisher = {GithubPages},
	journal   = {GithubPages},
	year      = {2023},
	month     = {November}
}
