%Journals

@STRING{J_AMAI 			= "Annals of Mathematics and Artificial Intelligence"}
@STRING{J_ASME_BE 		= "{ASME} J. Basic Eng."}
@STRING{J_AdHN 			= "Ad Hoc Netw."}
@STRING{J_BellLT 		= "Bell Labs Technical J."}
@STRING{J_BellST 		= "Bell Syst. Technical J."}
@STRING{J_Elec 			= "J. Electronics (China)"}
@STRING{J_GPS 			= "J. Global Positioning Syst."}
@STRING{J_WPC 			= "Wireless Personal Commun."}
@STRING{IBM_J_RES_DEVELOP 	= "{IBM} J. Research and Develop"}
@STRING{IEE_J_RSN 		= "{IEE} Proc. Radar, Sonar and Navigation"}
@STRING{IEEE_J_Proc 		= "{IEEE} Proc."}

%Magazines

@STRING{M_ESP 			= "Embedded Syst. Programming"}
@STRING{M_RF 			= "RF Des. Mag."}

%Inproceedings

@STRING{IEEE_CCNC 		= "Proc. {IEEE} Consumer Communications and Networking Conf. (CCNC)"}
@STRING{IEEE_ISAP 		= "Proc. {IEEE} Int. Symp. Antennas and Propagation Society (ISAP)"}
@STRING{IEEE_ISCAS 		= "Proc. {IEEE} Int. Symp. on Circuits and Systems (ISCAS)"}
@STRING{IEEE_ISIE 		= "Proc. {IEEE} Int. Symp. on Industrial Electronics (ISIE)"}
@STRING{IEEE_SSTA 		= "Proc. {IEEE} Int. Symp. on Spread Spectrum Techniques and Applications (SSTA)"}
@STRING{IEEE_ITS 		= "Proc. {IEEE} Intelligent Transportation Systems (ITS)"}
@STRING{IEEE_ITW 		= "Proc. {IEEE} Information Theory Workshop (ITW)"}
@STRING{IEEE_LCN 		= "Proc. {IEEE} Conf. on Local Computer Networks (LCN)"}
@STRING{IEEE_MAPE 		= "Proc. {IEEE} Int. Symp. on Microwave, Antenna, Propagation and EMC Technologies for Wireless Communications (MAPE)"}
@STRING{IEEE_NNSP 		= "Proc. {IEEE} Int. Conf. Neural Networks and Signal Processing (NNSP)"}
@STRING{IEEE_TENCON 		= "Proc. {IEEE} Region 10 Int. Conf. on Technology Enabling Tomorrow: Computers, Communications and Automation (TENCON)"}
@STRING{IEEE_WMCSA 		= "Proc. {IEEE} Workshop on Mobile Computing Systems and Applications (WMCSA)"}
@STRING{IEEE_INFOCOM		= "Proc. {IEEE} Computer and Communications socities"}
@STRING{IEE_3G 			= "Proc. {IEE} Int. Conf. on 3G and Beyond"}
@STRING{ICT_Summit 		= "Proc. ICT Mobile and Wireless Communications (ICT Summit)"}
@STRING{Asilomar_SSC 		= "Proc. {Asilomar} Conf. on Signals, Systems, and Computers (SSC)"}
@STRING{ISASSC 			= "Proc. Int. Symp. Aerospace/Defense Sensing, Simulation and Controls (ISASSC)"}
@STRING{ISCCSP 			= "Proc. Int. Symp on Control, Communications and Signal Processing (ISCCSP)"}
@STRING{ISCIT 			= "Proc. Int. Symp. on Communications and Information Technologies (ISCIT)"}
@STRING{ISDSP 			= "Proc. Int. Symp. on DSP for Communications Systems (ISDSP)"}
@STRING{IST 			= "Proc. Int. Symp. on Telecommunications (IST)"}
@STRING{ISWCS			= "Proc. Int. Symp. on Wireless Communication Systems (ISWCS)"}
@STRING{NIPS 			= "Proc. Conf. in Neural Information Processing Systems (NIPS)"}
@STRING{NSODE 			= "Proc. Conf. on Numerical Solution of Ordinary Differential Equations (NSODE)"}
@STRING{SPC 			= "Proc. Workshop on Signal Processing in Communications (SPC)"}
@STRING{UPC 			= "Proc. Int. Conf. on Universal Personal Communications (UPC)"}
@STRING{WNCMC 			= "Proc. Int. Conf. on Wireless Networks, Communications and Mobile Computing (WNCMC)"}
@STRING{WPMC 			= "Proc. Int. Symp. on Wireless Personal Multimedia Communications (WPMC)"}
@STRING{WWRF 			= "Proc. Wireless World Research Forum (WWRF)"}
@STRING{WiCOM 			= "Proc. Int. Conf. on Wireless Communications, Networking and Mobile Computing (WiCOM)"}
@STRING{EUCAP 			= "Proc. European Conf. on Antennas and Propagation (EUCAP)"}
@STRING{ICCT 			= "Proc. Int. Conf. on Communication Technology (ICCT)"}
@STRING{EUROCON 		= "Proc. Int. Conf. on Computer as a Tool"}
@STRING{MIKON 			= "Proc. Int. Conf. on Microwaves, Radar and Wireless Communications (MIKON)"}

