% Encoding: UTF-8

% Cite data sheets using manual
% from https://tex.stackexchange.com/a/174859
